<record><leader>00000cas a2200000 a 4500</leader><controlfield tag="001">39091493</controlfield><controlfield tag="008">980508d19331943oruwr ne      0    0eng c</controlfield><datafield ind1=" " ind2=" " tag="010"><subfield code="a">sn 97071106 </subfield></datafield><datafield ind1=" " ind2=" " tag="040"><subfield code="a">OCN</subfield><subfield code="b">eng</subfield><subfield code="c">OCN</subfield><subfield code="d">OCLCQ</subfield><subfield code="d">OCLCF</subfield><subfield code="d">OCLCO</subfield></datafield><datafield ind1="1" ind2=" " tag="029"><subfield code="a">AU@</subfield><subfield code="b">000013956103</subfield></datafield><datafield ind1=" " ind2=" " tag="042"><subfield code="a">pcc</subfield></datafield><datafield ind1=" " ind2=" " tag="043"><subfield code="a">n-us-or</subfield></datafield><datafield ind1="0" ind2="4" tag="245"><subfield code="a">The Klamath Basin progress.</subfield></datafield><datafield ind1="1" ind2="3" tag="246"><subfield code="a">Klamath Basin progress and the Malin progress</subfield></datafield><datafield ind1=" " ind2=" " tag="260"><subfield code="a">Klamath Falls, Klamath County, Or. :</subfield><subfield code="b">Farmers Pub. Co.,</subfield><subfield code="c">1933-1943.</subfield></datafield><datafield ind1=" " ind2=" " tag="300"><subfield code="a">v.</subfield></datafield><datafield ind1=" " ind2=" " tag="310"><subfield code="a">Weekly</subfield></datafield><datafield ind1="0" ind2=" " tag="362"><subfield code="a">Vol. 9, no. 27 (May 4, 1933)-v. 18, no. 40 (July 23, 1943).</subfield></datafield><datafield ind1=" " ind2=" " tag="530"><subfield code="a">Also issued on microfilm from University of Oregon.</subfield></datafield><datafield ind1=" " ind2="0" tag="651"><subfield code="a">Klamath Falls (Or.)</subfield><subfield code="v">Newspapers.</subfield></datafield><datafield ind1=" " ind2="0" tag="651"><subfield code="a">Klamath County (Or.)</subfield><subfield code="v">Newspapers.</subfield></datafield><datafield ind1=" " ind2="7" tag="655"><subfield code="a">Newspapers.</subfield><subfield code="2">fast</subfield><subfield code="0">(OCoLC)fst01423814</subfield></datafield><datafield ind1=" " ind2="7" tag="651"><subfield code="a">Oregon</subfield><subfield code="z">Klamath County.</subfield><subfield code="2">fast</subfield><subfield code="0">(OCoLC)fst01206952</subfield></datafield><datafield ind1=" " ind2="7" tag="651"><subfield code="a">Oregon</subfield><subfield code="z">Klamath Falls.</subfield><subfield code="2">fast</subfield><subfield code="0">(OCoLC)fst01205658</subfield></datafield><datafield ind1=" " ind2=" " tag="752"><subfield code="a">United States</subfield><subfield code="b">Oregon</subfield><subfield code="c">Klamath</subfield><subfield code="d">Klamath Falls.</subfield></datafield><datafield ind1="0" ind2="0" tag="780"><subfield code="t">Klamath Basin progress and the Malin progress</subfield><subfield code="w">(DLC)sn 97071105</subfield></datafield></record>